@article{ferreira18,
  author    = {Lucas N. Ferreira and
               Claudio Fabiano Motta Toledo},
  title     = {Tanager: {A} Generator of Feasible and Engaging Levels forAngry Birds},
  journal   = {{IEEE} Transactions on Games},
  volume    = {10},
  number    = {3},
  pages     = {304--316},
  year      = {2018}
}

@inproceedings{ferreira14,
  author    = {Lucas Ferreira and
               Claudio Fabiano Motta Toledo},
  title     = {A search-based approach for generating Angry Birds levels},
  booktitle = {2014 {IEEE} Conference on Computational Intelligence and Games, {CIG}
               2014, Dortmund, Germany, August 26-29, 2014},
  pages     = {1--8},
  year      = {2014}
}

@inproceedings{jiang17,
  author    = {Yuxuan Jiang and
               Tomohiro Harada and
               Ruck Thawonmas},
  title     = {Procedural generation of angry birds fun levels using pattern-struct
               and preset-model},
  booktitle = {{IEEE} Conference on Computational Intelligence and Games, {CIG} 2017,
               New York, NY, USA, August 22-25, 2017},
  pages     = {154--161},
  year      = {2017}
}
  @inproceedings{stephenson17,
  author    = {Matthew Stephenson and
               Jochen Renz},
  title     = {Generating varied, stable and solvable levels for angry birds style
               physics games},
  booktitle = {{IEEE} Conference on Computational Intelligence and Games, {CIG} 2017,
               New York, NY, USA, August 22-25, 2017},
  pages     = {288--295},
  year      = {2017}
}

@inproceedings{stephenson16,
  author    = {Matthew Stephenson and
               Jochen Renz},
  title     = {Procedural Generation of Levels for Angry Birds Style Physics Games},
  booktitle = {Proceedings of the Twelfth {AAAI} Conference on Artificial Intelligence
               and Interactive Digital Entertainment, {AIIDE} 2016, October 8-12,
               2016, Burlingame, California, {USA.}},
  pages     = {225--231},
  year      = {2016}
}

@article{togelius11,
  author    = {Julian Togelius and
               Georgios N. Yannakakis and
               Kenneth O. Stanley and
               Cameron Browne},
  title     = {Search-Based Procedural Content Generation: {A} Taxonomy and Survey},
  journal   = {{IEEE} Trans. Comput. Intellig. and {AI} in Games},
  volume    = {3},
  number    = {3},
  pages     = {172--186},
  year      = {2011}
}
